<?xml version="1.0" encoding="UTF-8"?>
<collection xmlns:xsi="http://www.w3.org/2001/XMLSchema-instance" xsi:schemaLocation="http://www.loc.gov/MARC21/slim http://www.loc.gov/standards/marcxml/schema/MARC21slim.xsd" xmlns="http://www.loc.gov/MARC21/slim">
<record>
  <leader>01121cam a2200277   4500</leader>
  <controlfield tag="001">3071180</controlfield>
  <controlfield tag="003">NNC</controlfield>
  <controlfield tag="005">20090421181824.0</controlfield>
  <controlfield tag="008">890228s1961    sy            000 0 araod</controlfield>
  <datafield tag="035" ind1=" " ind2=" ">
    <subfield code="a">(OCoLC)ocm23497150</subfield>
  </datafield>
  <datafield tag="035" ind1=" " ind2=" ">
    <subfield code="9">ATP4138CU</subfield>
  </datafield>
  <datafield tag="035" ind1=" " ind2=" ">
    <subfield code="a">(NNC)3071180</subfield>
  </datafield>
  <datafield tag="040" ind1=" " ind2=" ">
    <subfield code="a">EYM</subfield>
    <subfield code="c">EYM</subfield>
    <subfield code="d">GZM</subfield>
    <subfield code="d">OCL</subfield>
    <subfield code="d">CGU</subfield>
    <subfield code="d">ZCU</subfield>
  </datafield>
  <datafield tag="050" ind1=" " ind2="4">
    <subfield code="a">PJ 7521</subfield>
    <subfield code="b">.I13 A12</subfield>
  </datafield>
  <datafield tag="099" ind1=" " ind2=" ">
    <subfield code="a">893.79</subfield>
    <subfield code="a">Ib54</subfield>
  </datafield>
  <datafield tag="100" ind1="1" ind2=" ">
    <subfield code="a">Ibn al-Abbār, Muḥammad ibn ʻAbd Allāh,</subfield>
    <subfield code="d">1199-1260.</subfield>
  </datafield>
  <datafield tag="245" ind1="1" ind2="0">
    <subfield code="a">Iʻtāb al-kuttāb /</subfield>
    <subfield code="c">li-Abī ʻAbd Allāh Muḥammad ibn ʻAbd Allāh ibn Abī Bakr al-Quḍāʻī al-maʻrūf bi-Ibn al-Abbār ; ḥaqqaqahu wa-ʻallaqa ʻalayh wa-qaddama lah Ṣāliḥ al-Ashtar.</subfield>
  </datafield>
  <datafield tag="250" ind1=" " ind2=" ">
    <subfield code="a">Ṭabʻah ūlá ʻūriḍat bi-thalāth nusah makhṭūṭah.</subfield>
  </datafield>
  <datafield tag="260" ind1=" " ind2=" ">
    <subfield code="a">[Dimashq :</subfield>
    <subfield code="b">Maṭbaʻat al-Hāshimīyah,</subfield>
    <subfield code="c">1961]</subfield>
  </datafield>
  <datafield tag="300" ind1=" " ind2=" ">
    <subfield code="a">326 p.</subfield>
    <subfield code="c">24 cm.</subfield>
  </datafield>
  <datafield tag="490" ind1="1" ind2=" ">
    <subfield code="a">Maṭbūʻāt Majmaʻ al-Lughah al-ʻArabīyah bi-Dimashq</subfield>
  </datafield>
  <datafield tag="650" ind1=" " ind2="0">
    <subfield code="a">Arabic literature</subfield>
    <subfield code="v">Biography.</subfield>
  </datafield>
  <datafield tag="650" ind1=" " ind2="0">
    <subfield code="a">Authors, Arab.</subfield>
  </datafield>
  <datafield tag="700" ind1="1" ind2=" ">
    <subfield code="a">Ashtar, Ṣāliḥ.</subfield>
  </datafield>
  <datafield tag="830" ind1=" " ind2="0">
    <subfield code="a">Maṭbūʻāt Majmaʻ al-Lughah al-ʻArabīyah bi-Dimashq.</subfield>
  </datafield>
  <datafield tag="955" ind1=" " ind2=" ">
    <subfield code="b">CU58869972</subfield>
    <subfield code="d">off,glx</subfield>
    <subfield code="e">893.79 Ib54</subfield>
  </datafield>
</record>
</collection>